@Article{einstein2016,
  author = 	 {Einstein, Albert},
  title = 	 {On the Relative Value of Relatives},
  journal = 	 {J. Irreproducible Results},
  year = 	 {2016},
  volume = 	 {17},
  pages = 	 {4711--4721}
}
@InProceedings{heisenberg2015,
  author = 	 {Heisenberg, Werner and Dirac, Paul},
  title = 	 {To be or not to be},
  booktitle =    {Proceedings of the Uncertain Society Annual Meeting},
  year = 	 {2015},
  editor = 	 {Schr√∂dinger, Erwin},
  pages =	 {21--22}
}
@book{Goodfellow-et-al-2016,
    title={Deep Learning},
    author={Ian Goodfellow and Yoshua Bengio and Aaron Courville},
    publisher={MIT Press},
    note={\url{http://www.deeplearningbook.org}},
    year={2016}
}
@inproceedings{oquab_learning_2014,
	title = {Learning and {Transferring} {Mid}-{Level} {Image} {Representations} using {Convolutional} {Neural} {Networks}},
	url = {http://openaccess.thecvf.com/content_cvpr_2014/html/Oquab_Learning_and_Transferring_2014_CVPR_paper.html},
	urldate = {2019-03-22},
	author = {Oquab, Maxime and Bottou, Leon and Laptev, Ivan and Sivic, Josef},
	year = {2014},
	pages = {1717--1724},
	file = {Full Text PDF:/Users/sacharias/Zotero/storage/IS9CJK8Z/Oquab et al. - 2014 - Learning and Transferring Mid-Level Image Represen.pdf:application/pdf;Snapshot:/Users/sacharias/Zotero/storage/BV6XWUUV/Oquab_Learning_and_Transferring_2014_CVPR_paper.html:text/html}
}
@inproceedings{he2016deep,
  title={Deep residual learning for image recognition},
  author={He, Kaiming and Zhang, Xiangyu and Ren, Shaoqing and Sun, Jian},
  booktitle={Proceedings of the IEEE conference on computer vision and pattern recognition},
  pages={770--778},
  year={2016}
}
@inproceedings{krizhevsky2012imagenet,
  title={Imagenet classification with deep convolutional neural networks},
  author={Krizhevsky, Alex and Sutskever, Ilya and Hinton, Geoffrey E},
  booktitle={Advances in neural information processing systems},
  pages={1097--1105},
  year={2012}
}
@article{simonyan2014very,
  title={Very deep convolutional networks for large-scale image recognition},
  author={Simonyan, Karen and Zisserman, Andrew},
  journal={arXiv preprint arXiv:1409.1556},
  year={2014}
}
@inproceedings{huang2017densely,
  title={Densely connected convolutional networks},
  author={Huang, Gao and Liu, Zhuang and Van Der Maaten, Laurens and Weinberger, Kilian Q},
  booktitle={Proceedings of the IEEE conference on computer vision and pattern recognition},
  pages={4700--4708},
  year={2017}
}

@inproceedings{szegedy2016rethinking,
  title={Rethinking the inception architecture for computer vision},
  author={Szegedy, Christian and Vanhoucke, Vincent and Ioffe, Sergey and Shlens, Jon and Wojna, Zbigniew},
  booktitle={Proceedings of the IEEE conference on computer vision and pattern recognition},
  pages={2818--2826},
  year={2016}
}
@article{lecun1998gradient,
  title={Gradient-based learning applied to document recognition},
  author={LeCun, Yann and Bottou, L{\'e}on and Bengio, Yoshua and Haffner, Patrick and others},
  journal={Proceedings of the IEEE},
  volume={86},
  number={11},
  pages={2278--2324},
  year={1998},
  publisher={Taipei, Taiwan}
}
@inproceedings{yosinski2014transferable,
  title={How transferable are features in deep neural networks?},
  author={Yosinski, Jason and Clune, Jeff and Bengio, Yoshua and Lipson, Hod},
  booktitle={Advances in neural information processing systems},
  pages={3320--3328},
  year={2014}
}
